@inproceedings{noga,
author = {Alon, Noga and Matias, Yossi and Szegedy, Mario},
title = {The space complexity of approximating the frequency moments},
year = {1996},
isbn = {0897917855},
publisher = {Association for Computing Machinery},
address = {New York, NY, USA},
url = {https://doi.org/10.1145/237814.237823},
doi = {10.1145/237814.237823},
booktitle = {Proceedings of the Twenty-Eighth Annual ACM Symposium on Theory of Computing},
pages = {20â€“29},
numpages = {10},
location = {Philadelphia, Pennsylvania, USA},
series = {STOC '96}
}

@misc{cms,
  title={Count-Min Sketch.},
  author={Cormode, Graham},
  year={2009}
}

@misc{sketch,
  title={Notes on Sketching and Streaming},
  author={Jelani Nelson},
  year={2016},
  url={https://people.eecs.berkeley.edu/~minilek/tum2016/index.html}
}

